<?xml version="1.0" encoding="UTF-8"?>
<collection xmlns:xsi="http://www.w3.org/2001/XMLSchema-instance" xsi:schemaLocation="http://www.loc.gov/MARC21/slim http://www.loc.gov/standards/marcxml/schema/MARC21slim.xsd" xmlns="http://www.loc.gov/MARC21/slim">
<record>
  <leader>01090cam a2200253   4500</leader>
  <controlfield tag="001">1631997</controlfield>
  <controlfield tag="003">NNC</controlfield>
  <controlfield tag="005">20130424175725.0</controlfield>
  <controlfield tag="008">900718s1964    iq            000 0 ara c</controlfield>
  <datafield tag="010" ind1=" " ind2=" ">
    <subfield code="a">ne 68003728 </subfield>
  </datafield>
  <datafield tag="035" ind1=" " ind2=" ">
    <subfield code="a">(OCoLC)ocm22091898</subfield>
  </datafield>
  <datafield tag="035" ind1=" " ind2=" ">
    <subfield code="9">AKP1403CU</subfield>
  </datafield>
  <datafield tag="035" ind1=" " ind2=" ">
    <subfield code="a">(NNC)1631997</subfield>
  </datafield>
  <datafield tag="040" ind1=" " ind2=" ">
    <subfield code="a">Princeton Univ. Libr.</subfield>
    <subfield code="c">IXA</subfield>
    <subfield code="d">IXA</subfield>
    <subfield code="d">ZCU</subfield>
  </datafield>
  <datafield tag="100" ind1="1" ind2=" ">
    <subfield code="a">Ibn al-Jawzī, Abū al-Faraj ʻAbd al-Raḥmān ibn ʻAlī,</subfield>
    <subfield code="d">approximately 1116-1201.</subfield>
  </datafield>
  <datafield tag="245" ind1="1" ind2="0">
    <subfield code="a">Khulāṣat al-Dhahab al-masbūk mukhtaṣar min Siyar al-mulūk,</subfield>
    <subfield code="c">taʾlīf ʻAbd al-Raḥmān Sunbuṭ Qanītū al-Irbilī.</subfield>
  </datafield>
  <datafield tag="250" ind1=" " ind2=" ">
    <subfield code="a">[al-Ṭabʾah 2]</subfield>
  </datafield>
  <datafield tag="260" ind1=" " ind2=" ">
    <subfield code="a">Baghdād,</subfield>
    <subfield code="b">Maktabat al-Muthanná,</subfield>
    <subfield code="c">[1964]</subfield>
  </datafield>
  <datafield tag="300" ind1=" " ind2=" ">
    <subfield code="a">323 p.</subfield>
    <subfield code="c">24 cm.</subfield>
  </datafield>
  <datafield tag="500" ind1=" " ind2=" ">
    <subfield code="a">Cover title: Khulāṣat al-dhahab al-masbūk, mukhtaṣar min Siyar al-mulūk, by Abdul Rahman al-Irbili.</subfield>
  </datafield>
  <datafield tag="500" ind1=" " ind2=" ">
    <subfield code="a">Abridgment of Ibn al-Jawzīʾs al-Dhahab al-masbūk fī Siyar al-mulūk.</subfield>
  </datafield>
  <datafield tag="651" ind1=" " ind2="0">
    <subfield code="a">Islamic Empire</subfield>
    <subfield code="x">Kings and rulers.</subfield>
  </datafield>
  <datafield tag="700" ind1="1" ind2=" ">
    <subfield code="a">Ibn Qanīnū, ʻAbd al-Raḥmān ibn Ibrāhīm,</subfield>
    <subfield code="d">1242 or 1243-1317 or 1318.</subfield>
  </datafield>
  <datafield tag="955" ind1=" " ind2=" ">
    <subfield code="b">CU53464354</subfield>
    <subfield code="d">off,glx</subfield>
    <subfield code="e">JC393.A3 I23</subfield>
  </datafield>
</record>
</collection>